<record><leader>00000cas a22000007a 4500</leader><controlfield tag="001">12726507</controlfield><controlfield tag="008">851028d18711872iauwr ne      0    0eng d</controlfield><datafield ind1=" " ind2=" " tag="010"><subfield code="a">sn 85049811 </subfield></datafield><datafield ind1=" " ind2=" " tag="040"><subfield code="a">INP</subfield><subfield code="b">eng</subfield><subfield code="c">INP</subfield><subfield code="d">OCLCQ</subfield></datafield><datafield ind1=" " ind2=" " tag="042"><subfield code="a">msc</subfield></datafield><datafield ind1="0" ind2=" " tag="130"><subfield code="a">Bee (Jefferson, Iowa)</subfield></datafield><datafield ind1="1" ind2="4" tag="245"><subfield code="a">The bee.</subfield></datafield><datafield ind1="1" ind2="3" tag="246"><subfield code="a">Jefferson bee</subfield></datafield><datafield ind1=" " ind2=" " tag="260"><subfield code="a">Jefferson, Greene County, Iowa :</subfield><subfield code="b">A. Swalm,</subfield><subfield code="c">1871-1872.</subfield></datafield><datafield ind1=" " ind2=" " tag="300"><subfield code="a">2 v.</subfield></datafield><datafield ind1=" " ind2=" " tag="310"><subfield code="a">Weekly</subfield></datafield><datafield ind1="0" ind2=" " tag="362"><subfield code="a">Vol. 5, no. 15 (Apr. 28, 1871)-v. 6, no. 19 (May 31, 1872).</subfield></datafield><datafield ind1=" " ind2=" " tag="500"><subfield code="a">Publishers: Swalm &amp; Irwin, &lt;May 12-Oct. 13, 1871&gt;; Al Swalm, &lt;Nov. 10, 1871&gt;-Jan. 5, 1872; Swalm &amp; Rhoads, Jan. 12-May 31, 1872.</subfield></datafield><datafield ind1=" " ind2=" " tag="500"><subfield code="a">"Frisky but virtuous!"</subfield></datafield><datafield ind1=" " ind2=" " tag="500"><subfield code="a">Editors: Al Swalm, &lt;May 12, 1871&gt;-Jan. 5, 1872; Swalm &amp; Rhoads, Jan. 12-May 31, 1872.</subfield></datafield><datafield ind1=" " ind2=" " tag="752"><subfield code="a">United States</subfield><subfield code="b">Iowa</subfield><subfield code="c">Greene</subfield><subfield code="d">Jefferson.</subfield></datafield><datafield ind1="0" ind2="0" tag="780"><subfield code="t">Jefferson era</subfield><subfield code="w">(DLC)sn 84038409</subfield></datafield><datafield ind1="0" ind2="0" tag="785"><subfield code="t">Jefferson bee</subfield><subfield code="w">(DLC)sn 84027177</subfield></datafield><datafield ind1="1" ind2=" " tag="029"><subfield code="a">AU@</subfield><subfield code="b">000025785300</subfield></datafield></record>